@inproceedings{pestov:factor,
author = "Pestov, S. and Ehrenberg, D. and Groff, J.",
title = "{F}actor: A Dynamic Stack-based Programming Language",
booktitle = "Proceedings of the Sixth Symposium on Dynamic Languages",
pages = "43--58",
year = 2010,
publisher = "ACM Press",
address = "New York, NY",
note =   "Also appears in \textit{ACM SIGPLAN Notices}, 45(12), 2010"
}

@inproceedings{koopman:forth,
author = "Koopman, P.",
title = "A brief introduction to {F}orth",
booktitle = "Proceedings of the Second ACM SIGPLAN conference on History of Programming Languages",
pages = "357--358",
year = 1993,
publisher = "ACM Press",
address = "New York, NY",
note =   "Also appears in \textit{ACM SIGPLAN Notices}, 28(3), 1993"
}

@misc{concatwiki,
title = "Concatenative language",
howpublished = "Available: \url{http://concatenative.org/wiki/view/Concatenative\%20language} [Last accessed: 24 March 2017]"
} 
